@misc{qin2023large,
  title         = {Large Language Models are Effective Text Rankers with Pairwise Ranking Prompting},
  author        = {Zhen Qin and Rolf Jagerman and Kai Hui and Honglei Zhuang and Junru Wu and Jiaming Shen and Tianqi Liu and Jialu Liu and Donald Metzler and Xuanhui Wang and Michael Bendersky},
  year          = {2023},
  eprint        = {2306.17563},
  archiveprefix = {arXiv},
  primaryclass  = {cs.IR}
}

@misc{searles2023empirical,
  title         = {An Empirical Study & Evaluation of Modern CAPTCHAs},
  author        = {Andrew Searles and Yoshimichi Nakatsuka and Ercan Ozturk and Andrew Paverd and Gene Tsudik and Ai Enkoji},
  year          = {2023},
  eprint        = {2307.12108},
  archiveprefix = {arXiv},
  primaryclass  = {cs.CR}
}