@techreport{andrews2019inference,
  title       = {Inference on winners},
  author      = {Andrews, Isaiah and Kitagawa, Toru and McCloskey, Adam},
  year        = {2019},
  institution = {National Bureau of Economic Research}
}

@article{athey2019estimating,
  title   = {Estimating treatment effects using multiple surrogates: The role of the surrogate score and the surrogate index},
  author  = {Athey, Susan and Chetty, Raj and Imbens, Guido and Kang, Hyunseung},
  journal = {arXiv preprint arXiv:1603.09326},
  year    = {2019}
}

@inproceedings{coey2019improving,
  title        = {Improving Treatment Effect Estimators Through Experiment Splitting},
  author       = {Coey, Dominic and Cunningham, Tom},
  booktitle    = {The World Wide Web Conference},
  pages        = {285--295},
  year         = {2019},
  organization = {ACM}
}

@article{cunningham2019interpreting,
  title  = {Interpreting Experiments with Multiple Outcomes},
  author = {Cunningham, Tom and Kim, Josh},
  year   = {2019}
}

@book{efron2021computer,
  title     = {Computer Age Statistical Inference, Student Edition: Algorithms, Evidence, and Data Science},
  author    = {Efron, Bradley and Hastie, Trevor},
  volume    = {6},
  year      = {2021},
  publisher = {Cambridge University Press}
}

@article{montiel2019,
  title   = {Empirical Bayes Estimation of Treatment Effects with Many A/B Tests: An Overview},
  author  = {Azevedo, Eduardo and Deng, Alex and Montiel Olea, Jose and Weyl, Glen},
  journal = {American Economic Review P&P},
  year    = {2019},
  pages   = {43-47}
}

@inproceedings{peysakhovich2018learning,
  title        = {Learning causal effects from many randomized experiments using regularized instrumental variables},
  author       = {Peysakhovich, Alexander and Eckles, Dean},
  booktitle    = {Proceedings of the 2018 World Wide Web Conference},
  pages        = {699--707},
  year         = {2018},
  organization = {International World Wide Web Conferences Steering Committee}
}

@article{tripuraneni2023choosing,
  title   = {Choosing a Proxy Metric from Past Experiments},
  author  = {Tripuraneni, Nilesh and Richardson, Lee and D'Amour, Alexander and Soriano, Jacopo and Yadlowsky, Steve},
  journal = {arXiv preprint arXiv:2309.07893},
  year    = {2023}
}