
@article{bradley2005separable,
  title     = {Separable discrete preferences},
  author    = {Bradley, W James and Hodge, Jonathan K and Kilgour, D Marc},
  journal   = {Mathematical Social Sciences},
  volume    = {49},
  number    = {3},
  pages     = {335--353},
  year      = {2005},
  publisher = {Elsevier},
  url       = {https://www.sciencedirect.com/science/article/abs/pii/S0165489604000782}
}

@article{blackorby1998separability,
  title     = {Separability: A survey},
  author    = {Blackorby, Charles and Primont, Daniel and Russell, R Robert},
  journal   = {Handbook of utility theory},
  volume    = {1},
  pages     = {51--92},
  year      = {1998},
  publisher = {Springer New York},
  url       = {https://bpb-us-e1.wpmucdn.com/sites.psu.edu/dist/c/13885/files/2014/07/Blackorby1998_Separability-A-Survey.pdf}
}

@misc{debreu1960individual,
  title     = {Individual choice behavior: A theoretical analysis},
  author    = {Debreu, Gerard},
  year      = {1960},
  publisher = {JSTOR}
}

@book{fishburn1970utility,
  title     = {Utility theory for decision making},
  author    = {Fishburn, Peter C},
  year      = {1970},
  publisher = {Krieger NY}
}

@article{karni1998hexagon,
  title     = {The hexagon condition and additive representation for two dimensions: An algebraic approach},
  author    = {Karni, Edi and Safra, Zvi},
  journal   = {Journal of Mathematical Psychology},
  volume    = {42},
  number    = {4},
  pages     = {393--399},
  year      = {1998},
  publisher = {Elsevier}
}

@article{krantz1971foundations,
  title  = {Foundations of measurement, Vol. I: Additive and polynomial representations},
  author = {Krantz, David and Luce, Duncan and Suppes, Patrick and Tversky, Amos},
  year   = {1971}
}

@article{polisson2018lattice,
  title     = {A lattice test for additive separability},
  author    = {Polisson, Matthew},
  year      = {2018},
  publisher = {University of St Andrews},
  url       = {https://ifs.org.uk/sites/default/files/output_url_files/WP201808.pdf}
}

@book{chambers2016revealed,
  title     = {Revealed preference theory},
  author    = {Chambers, Christopher P and Echenique, Federico},
  volume    = {56},
  year      = {2016},
  publisher = {Cambridge University Press}
}

@book{tversky1964additive,
  title     = {Additive choice structures},
  author    = {Tversky, Amos Nathan},
  year      = {1964},
  publisher = {University of Michigan}
}

@book{wakker1989additive,
  title     = {Additive representations of preferences: A new foundation of decision analysis},
  author    = {Wakker, Peter P},
  volume    = {4},
  year      = {1989},
  publisher = {Springer Science \& Business Media}
}

@article{wakker1988algebraic,
  title     = {The algebraic versus the topological approach to additive representations},
  author    = {Wakker, Peter},
  journal   = {Journal of Mathematical Psychology},
  volume    = {32},
  number    = {4},
  pages     = {421--435},
  year      = {1988},
  publisher = {Elsevier}
}